@article{gersbach2017regulation,
title = "{Capital Regulation and Credit Fluctuations}",
journal = "Journal of Monetary Economics",
volume = "90",
pages = "113-124",
year = "2017",
issn = "0304-3932",
doi = "https://doi.org/10.1016/j.jmoneco.2017.05.008",
url = "http://www.sciencedirect.com/science/article/pii/S0304393217300594",
author = "Gersbach, Hans and Rochet, Jean-Charles ",
keywords = "Credit fluctuations, Macroprudential regulation, Sectoral misallocation of capital"
}
@article{boyce2010global,
	title={Global phytoplankton decline over the past century},
	author={Boyce, Daniel G and Lewis, Marlon R and Worm, Boris},
	journal={Nature},
	volume={466},
	number={7306},
	pages={591--596},
	year={2010},
	publisher={Nature Publishing Group}
}